<record xmlns="http://www.loc.gov/MARC21/slim" xmlns:xsi="http://www.w3.org/2001/XMLSchema-instance" xsi:schemaLocation="http://www.loc.gov/MARC21/slim http://www.loc.gov/standards/marcxml/schema/MARC21slim.xsd"><leader>     nam a22        4500</leader><controlfield tag="001">3068172</controlfield><controlfield tag="003">NNC</controlfield><controlfield tag="006">m        d        </controlfield><controlfield tag="007">cr cn |||m|||a</controlfield><controlfield tag="008">150316s1949    xx h    ob    000 0 ara  </controlfield><datafield ind1=" " ind2=" " tag="040"><subfield code="a">NNU</subfield><subfield code="b">eng</subfield><subfield code="e">rda</subfield><subfield code="c">NNU</subfield></datafield><datafield ind1="0" ind2="0" tag="050"><subfield code="a">PJ7701.A75</subfield><subfield code="b">A17 1949</subfield></datafield><datafield ind1="1" ind2=" " tag="100"><subfield code="6">880-01</subfield><subfield code="a">&#699;Ali&#772; ibn al-Jahm,</subfield><subfield code="d">approximately 804-863.</subfield></datafield><datafield ind1="1" ind2="0" tag="240"><subfield code="6">880-02</subfield><subfield code="a">Poems</subfield></datafield><datafield ind1="1" ind2="0" tag="245"><subfield code="6">880-03</subfield><subfield code="a">Di&#772;wa&#772;n &#699;Ali&#772; bin al-Jahm  /</subfield><subfield code="c">&#699;anya bi-tah&#803;qi&#772;qh wa nashrih wa jami&#699; takmilitah Khali&#772;l Mardam.</subfield></datafield><datafield ind1=" " ind2=" " tag="260"><subfield code="6">880-04</subfield><subfield code="a">Dimashq :</subfield><subfield code="b">al-Mujama&#699; al-&#699;limi&#772; al-&#699;Arabi&#772;, </subfield><subfield code="c">1949</subfield></datafield><datafield ind1=" " ind2=" " tag="300"><subfield code="a">online resource (47, 258 pages) :</subfield><subfield code="b">facsimiles</subfield></datafield><datafield ind1=" " ind2=" " tag="336"><subfield code="a">text</subfield><subfield code="2">rdacontent</subfield></datafield><datafield ind1=" " ind2=" " tag="337"><subfield code="a">computer</subfield><subfield code="2">rdamedia</subfield></datafield><datafield ind1=" " ind2=" " tag="338"><subfield code="a">online resource</subfield><subfield code="2">rdacarrier</subfield></datafield><datafield ind1="1" ind2=" " tag="490"><subfield code="6">880-05</subfield><subfield code="a">Mat&#803;bu&#772;&#699;a&#772;t al-Majma&#699; al-&#699;Ilmi&#772; al-&#699;Arabi&#772; bi-Dimashq</subfield></datafield><datafield ind1=" " ind2=" " tag="500"><subfield code="a">Part of the Arabic Collections Online (ACO) project, contributed by Columbia University Libraries.</subfield></datafield><datafield ind1=" " ind2=" " tag="504"><subfield code="a">Includes bibliographical references (pages 210-212).</subfield></datafield><datafield ind1=" " ind2=" " tag="533"><subfield code="a">Electronic reproduction.</subfield><subfield code="b">New York, N.Y. :</subfield><subfield code="c">New York University,</subfield><subfield code="d">2015.</subfield><subfield code="5">NNU</subfield></datafield><datafield ind1=" " ind2="0" tag="650"><subfield code="a">Arabic literature</subfield><subfield code="y">750-1258.</subfield></datafield><datafield ind1=" " ind2="7" tag="650"><subfield code="a">Arabic literature.</subfield><subfield code="2">fast</subfield><subfield code="0">(OCoLC)fst00812478</subfield></datafield><datafield ind1=" " ind2="7" tag="648"><subfield code="a">750 - 1258</subfield><subfield code="2">fast</subfield></datafield><datafield ind1="1" ind2=" " tag="700"><subfield code="6">880-06</subfield><subfield code="a">Mardam, Khali&#772;l,</subfield><subfield code="d">1895-1959,</subfield><subfield code="e">editor.</subfield></datafield><datafield ind1="2" ind2=" " tag="710"><subfield code="a">Columbia University.</subfield><subfield code="b">Libraries.</subfield></datafield><datafield ind1="0" ind2=" " tag="730"><subfield code="a">Arabic Collections Online.</subfield></datafield><datafield ind1="0" ind2="8" tag="776"><subfield code="i">Online version:</subfield><subfield code="a">&#699;Ali&#772; ibn al-Jahm, 804 (ca.)-863.</subfield><subfield code="t">Di&#772;wa&#772;n.</subfield><subfield code="d">[Dimashq : Al-Majma&#699; al-&#699;Ilmi&#772; al-&#699;Arabi&#772;, 1949]</subfield><subfield code="w">(OCoLC)582875954</subfield></datafield><datafield ind1="0" ind2="8" tag="776"><subfield code="i">Print version:</subfield><subfield code="a">&#699;Ali&#772; ibn al-Jahm, approximately 804-863.</subfield><subfield code="t">Di&#772;wa&#772;n &#699;Ali&#772; bin al-Jahm</subfield><subfield code="w">(NNC)3068172</subfield><subfield code="w">(DLC)   59023154 </subfield><subfield code="w">(OCoLC)23507351</subfield></datafield><datafield ind1=" " ind2="0" tag="830"><subfield code="6">880-07</subfield><subfield code="a">Mat&#803;bu&#772;&#699;a&#772;t al-Majma&#699; al-&#699;Ilmi&#772; al-&#699;Arabi&#772; bi-Dimashq.</subfield></datafield><datafield ind1="4" ind2="0" tag="856"><subfield code="u">http://hdl.handle.net/2333.1/k6djhd6z</subfield></datafield><datafield ind1="1" ind2=" " tag="880"><subfield code="6">100-01/r</subfield><subfield code="a">&#1593;&#1604;&#1610; &#1576;&#1606; &#1575;&#1604;&#1580;&#1607;&#1605;&#1548;</subfield><subfield code="d">approximately 804-863.</subfield></datafield><datafield ind1="1" ind2="0" tag="880"><subfield code="6">240-02/r</subfield><subfield code="a">&#1571;&#1588;&#1593;&#1575;&#1585;</subfield></datafield><datafield ind1="1" ind2="0" tag="880"><subfield code="6">245-03/r</subfield><subfield code="a">&#1583;&#1610;&#1608;&#1575;&#1606; &#1593;&#1604;&#1610; &#1576;&#1606; &#1575;&#1604;&#1580;&#1607;&#1605; /</subfield><subfield code="c">&#1593;&#1606;&#1610; &#1576;&#1578;&#1581;&#1602;&#1610;&#1602;&#1607; &#1608;&#1606;&#1588;&#1585;&#1607; &#1608;&#1580;&#1605;&#1593; &#1578;&#1603;&#1605;&#1604;&#1578;&#1607; &#1582;&#1604;&#1610;&#1604; &#1605;&#1585;&#1583;&#1605;.</subfield></datafield><datafield ind1=" " ind2=" " tag="880"><subfield code="6">260-04/r</subfield><subfield code="a">&#1583;&#1605;&#1588;&#1602; :</subfield><subfield code="b">&#1575;&#1604;&#1605;&#1580;&#1605;&#1593; &#1575;&#1604;&#1593;&#1604;&#1605;&#1610; &#1575;&#1604;&#1593;&#1585;&#1576;&#1610;&#1548;</subfield><subfield code="c">1949.</subfield></datafield><datafield ind1="1" ind2=" " tag="880"><subfield code="6">490-05/r</subfield><subfield code="a">&#1605;&#1591;&#1576;&#1608;&#1593;&#1575;&#1578; &#1575;&#1604;&#1605;&#1580;&#1605;&#1593; &#1575;&#1604;&#1593;&#1604;&#1605;&#1610; &#1575;&#1604;&#1593;&#1585;&#1576;&#1610; &#1576;&#1583;&#1605;&#1588;&#1602;</subfield></datafield><datafield ind1="1" ind2=" " tag="880"><subfield code="6">700-06/r</subfield><subfield code="a">&#1605;&#1585;&#1583;&#1605;&#1548; &#1582;&#1604;&#1610;&#1604;&#1548;</subfield><subfield code="d">1895-1959,</subfield><subfield code="e">editor.</subfield></datafield><datafield ind1=" " ind2="0" tag="880"><subfield code="6">830-07/r</subfield><subfield code="a">&#1605;&#1591;&#1576;&#1608;&#1593;&#1575;&#1578; &#1575;&#1604;&#1605;&#1580;&#1605;&#1593; &#1575;&#1604;&#1593;&#1604;&#1605;&#1610; &#1575;&#1604;&#1593;&#1585;&#1576;&#1610; &#1576;&#1583;&#1605;&#1588;&#1602;.</subfield></datafield><datafield ind1=" " ind2=" " tag="959"><subfield code="a">NNU</subfield><subfield code="b">WEB</subfield><subfield code="c">GENI</subfield><subfield code="t">0</subfield><subfield code="m">Electronic access</subfield><subfield code="s">01</subfield></datafield><datafield ind1=" " ind2=" " tag="999"><subfield code="i">NNC_3068172</subfield><subfield code="o">(OCoLC)ocm23507351</subfield><subfield code="e">(ERROR-880)</subfield><subfield code="s">columbia_aco000246</subfield></datafield></record>